<record><leader>00000cas a22000007a 4500</leader><controlfield tag="001">10679783</controlfield><controlfield tag="008">840501c19719999mouwr ne      0   a0eng d</controlfield><datafield ind1=" " ind2=" " tag="010"><subfield code="a">sn 84025915 </subfield></datafield><datafield ind1=" " ind2=" " tag="040"><subfield code="a">NPV</subfield><subfield code="b">eng</subfield><subfield code="c">NPV</subfield><subfield code="d">MFN</subfield><subfield code="d">MQN</subfield><subfield code="d">CNW</subfield><subfield code="d">NVF</subfield><subfield code="d">OCL</subfield><subfield code="d">NSD</subfield><subfield code="d">OCLCQ</subfield><subfield code="d">OCLCF</subfield><subfield code="d">OCLCO</subfield></datafield><datafield ind1=" " ind2=" " tag="012"><subfield code="l">1</subfield></datafield><datafield ind1="1" ind2=" " tag="022"><subfield code="a">1546-4539</subfield><subfield code="l">1546-4539</subfield><subfield code="2">1</subfield></datafield><datafield ind1="1" ind2=" " tag="029"><subfield code="a">AU@</subfield><subfield code="b">000020436418</subfield></datafield><datafield ind1=" " ind2=" " tag="037"><subfield code="b">St. Louis Metro Sentinel, 2900 North Market St., St. Louis, MO 63106</subfield></datafield><datafield ind1=" " ind2=" " tag="042"><subfield code="a">msc</subfield><subfield code="a">nsdp</subfield></datafield><datafield ind1=" " ind2=" " tag="043"><subfield code="a">n-us-mo</subfield></datafield><datafield ind1="1" ind2="0" tag="050"><subfield code="a">ISSN RECORD</subfield></datafield><datafield ind1=" " ind2="0" tag="222"><subfield code="a">St. Louis metro sentinel</subfield></datafield><datafield ind1="0" ind2="0" tag="245"><subfield code="a">St. Louis metro sentinel.</subfield></datafield><datafield ind1="1" ind2="7" tag="246"><subfield code="a">Metro-sentinel</subfield></datafield><datafield ind1="1" ind2="7" tag="246"><subfield code="a">St. Louis sentinel</subfield><subfield code="f">&lt;Jan. 4, 1972&gt;-Feb. 11, 1988</subfield></datafield><datafield ind1="1" ind2="7" tag="246"><subfield code="a">St. Louis sentinel newspaper</subfield><subfield code="f">Feb. 18, 1988-&lt;Dec. 30, 1992&gt;</subfield></datafield><datafield ind1="3" ind2=" " tag="246"><subfield code="a">Saint Louis metro sentinel</subfield></datafield><datafield ind1=" " ind2=" " tag="260"><subfield code="a">St. Louis, Mo. :</subfield><subfield code="b">J &amp; H Co.,</subfield><subfield code="c">1971-</subfield></datafield><datafield ind1=" " ind2=" " tag="300"><subfield code="a">volumes</subfield></datafield><datafield ind1=" " ind2=" " tag="310"><subfield code="a">Weekly</subfield></datafield><datafield ind1=" " ind2=" " tag="336"><subfield code="a">text</subfield><subfield code="b">txt</subfield><subfield code="2">rdacontent</subfield></datafield><datafield ind1=" " ind2=" " tag="337"><subfield code="a">unmediated</subfield><subfield code="b">n</subfield><subfield code="2">rdamedia</subfield></datafield><datafield ind1=" " ind2=" " tag="338"><subfield code="a">volume</subfield><subfield code="b">nc</subfield><subfield code="2">rdacarrier</subfield></datafield><datafield ind1="0" ind2=" " tag="362"><subfield code="a">Vol. 1, no. 1 (Feb. 27, 1971)-</subfield></datafield><datafield ind1=" " ind2=" " tag="500"><subfield code="a">Founder, editor, and publisher: Howard B. Woods.</subfield></datafield><datafield ind1=" " ind2=" " tag="500"><subfield code="a">Published by: Jane E. Woods-Miller and Judy Woods-Williams.</subfield></datafield><datafield ind1=" " ind2=" " tag="521"><subfield code="a">"Sentinel newspapers ... Black owned, Black written, Black managed, Black controlled."</subfield></datafield><datafield ind1=" " ind2=" " tag="530"><subfield code="a">Available on microfilm from University Microfilms, Inc.</subfield></datafield><datafield ind1=" " ind2=" " tag="588"><subfield code="a">Latest issue consulted: Vol. 40, no. 27 (July 3, 2003).</subfield></datafield><datafield ind1=" " ind2="0" tag="650"><subfield code="a">African Americans</subfield><subfield code="z">Missouri</subfield><subfield code="z">Saint Louis</subfield><subfield code="v">Newspapers.</subfield></datafield><datafield ind1=" " ind2="0" tag="651"><subfield code="a">Saint Louis (Mo.)</subfield><subfield code="v">Newspapers.</subfield></datafield><datafield ind1=" " ind2="7" tag="655"><subfield code="a">Newspapers.</subfield><subfield code="2">fast</subfield><subfield code="0">(OCoLC)fst01423814</subfield></datafield><datafield ind1=" " ind2="7" tag="650"><subfield code="a">African Americans.</subfield><subfield code="2">fast</subfield><subfield code="0">(OCoLC)fst00799558</subfield></datafield><datafield ind1=" " ind2="7" tag="651"><subfield code="a">Missouri</subfield><subfield code="z">Saint Louis.</subfield><subfield code="2">fast</subfield><subfield code="0">(OCoLC)fst01204930</subfield></datafield><datafield ind1="1" ind2=" " tag="700"><subfield code="a">Woods, Howard B.,</subfield><subfield code="d">1917-1976.</subfield></datafield><datafield ind1="1" ind2=" " tag="700"><subfield code="a">Woods-Miller, Jane E.</subfield></datafield><datafield ind1="1" ind2=" " tag="700"><subfield code="a">Woods-Williams, Judy.</subfield></datafield><datafield ind1=" " ind2=" " tag="752"><subfield code="a">United States</subfield><subfield code="b">Missouri</subfield><subfield code="c">Saint Louis</subfield><subfield code="d">Saint Louis.</subfield></datafield><datafield ind1="0" ind2=" " tag="775"><subfield code="t">St. Louis sentinel</subfield><subfield code="w">(DLC)sn 84025914</subfield></datafield></record>